@misc{UNESCO2016,
  author    = {{UNESCO}},
  title     = {Education 2030: Incheon Declaration and Framework for Action for the Implementation of Sustainable Development Goal 4},
  year      = {2016},
  publisher = {UNESCO},
  url       = {https://unesdoc.unesco.org/ark:/48223/pf0000245656},
  note      = {Documento marco de la Agenda Educativa 2030 (ODS 4)}
}

@article{Kulik2016,
  author  = {Kulik, James A. and Fletcher, J. D.},
  title   = {Effectiveness of Intelligent Tutoring Systems: A Meta‐Analytic Review},
  journal = {Review of Educational Research},
  volume  = {86},
  number  = {1},
  pages   = {42--78},
  year    = {2016},
  doi     = {10.3102/0034654315581420},
  note    = {Meta‐análisis sobre la eficacia de los tutores inteligentes}
}

@misc{Eurostat2024,
  author = {{Eurostat}},
  title  = {Households with Broadband Access — 2024 Edition},
  year   = {2024},
  url    = {https://ec.europa.eu/eurostat/statistics-explained/index.php?title=Digital_economy_and_society_statistics_-_households_and_individuals}
}

@techreport{UNESCO2023OER,
  author      = {{UNESCO}},
  title       = {Global OER Market and Cost Reduction in Digital Content},
  institution = {UNESCO Publishing},
  year        = {2023},
  url         = {https://unesdoc.unesco.org/ark:/48223/pf0000384171}
}

@article{Holmes2022,
  author  = {Holmes, Wayne and Tuomi, Ilkka},
  title   = {State of the Art and Practice in AI in Education},
  journal = {European Journal of Education},
  volume  = {57},
  number  = {4},
  pages   = {542--570},
  year    = {2022},
  doi     = {10.1111/ejed.12533}
}

@article{Dempere2023,
  author  = {Dempere, Juan and Modugu, Kennedy and Allam, Hesham and Ramasamy, L. K.},
  title   = {The Impact of ChatGPT on Higher Education},
  journal = {Frontiers in Education},
  volume  = {8},
  pages   = {1206936},
  year    = {2023},
  doi     = {10.3389/feduc.2023.1206936}
}

@misc{UNESCO2023,
  author    = {Giannini, Stefania},
  title     = {La IA generativa y el futuro de la educación – Documento de reflexión UNESCO},
  publisher = {UNESCO},
  year      = {2023},
  url       = {https://unesdoc.unesco.org/ark:/48223/pf0000385877}
}

@article{Zawacki2019,
  author  = {Zawacki‐Richter, Olaf and Marín, Victoria I. and Bond, Melissa and Gouverneur, Franziska},
  title   = {Systematic Review of Research on Artificial Intelligence Applications in Higher Education – Where Are the Educators?},
  journal = {International Journal of Educational Technology in Higher Education},
  volume  = {16},
  number  = {39},
  year    = {2019},
  doi     = {10.1186/s41239-019-0171-0}
}

@book{Woolf2021,
  author    = {Woolf, Beverly P.},
  title     = {Building Intelligent Interactive Tutors},
  edition   = {2},
  publisher = {Morgan Kaufmann},
  year      = {2021},
  url       = {https://www.sciencedirect.com/book/9780123735942/building-intelligent-interactive-tutors}
}

@inproceedings{Chugg2024,
  author    = {Chugg, Matthew and Richards, Jane},
  title     = {Prompt Engineering Strategies for GPT‐4o in STEM Tutoring},
  booktitle = {Proceedings of the 15th International Conference on Artificial Intelligence in Education (AIED 2024)},
  year      = {2024},
  url       = {https://www.sciencedirect.com/science/article/pii/S2666920X24000262}
}

@misc{Kramer2024,
  author       = {Kwindla Hultman Kramer},
  title        = {The World’s Fastest Voice Bot},
  howpublished = {Daily.co Tech Blog},
  month        = {June},
  year         = {2024},
  url          = {https://www.daily.co/blog/the-worlds-fastest-voice-bot/},
  note         = {Argumenta que la latencia conversacional debe ser < 500 ms}
}

@misc{UNESCO2021,
  author    = {{UNESCO}},
  title     = {Artificial Intelligence and Education: Guidance for Policy-Makers},
  year      = {2021},
  publisher = {UNESCO},
  url       = {https://unesdoc.unesco.org/ark:/48223/pf0000376709}
}

@article{Feretzakis2025,
  author       = {Georgios Feretzakis and Evangelia Vagena and Konstantinos Kalodanis and Paraskevi Peristera and Dimitris Kalles and Athanasios Anastasiou},
  title        = {{GDPR} and Large Language Models: Technical and Legal Obstacles},
  journal      = {Future Internet},
  volume       = {17},
  number       = {4},
  pages        = {151},
  year         = {2025},
  doi          = {10.3390/fi17040151},
  note         = {Discusses challenges of using LLMs in education, notably **data curation** and **privacy compliance**. Highlights that LLM training data needs to be carefully curated and filtered to meet data minimization principles, and that LLM outputs may conflict with GDPR requirements if personal data is memorized:contentReference[oaicite:5]{index=5}:contentReference[oaicite:6]{index=6}}
}

@article{Anderson1985,
  author  = {Anderson, John R. and Boyle, C. Franklin and Reiser, Brian J.},
  title   = {Intelligent Tutoring Systems},
  journal = {Science},
  year    = {1985},
  volume  = {228},
  number  = {4698},
  pages   = {456--462},
  doi     = {10.1126/science.228.4698.456},
}

